@article{gaia,
  title={The {Gaia Mission}},
  author={Prusti, Timo and others},
  journal={Astronomy \& Astrophysics},
  volume={595},
  pages={A1},
  year={2016},
  publisher={EDP sciences}
}

@article{gaialf,
  title={A likelihood function for the {Gaia Data}},
  author={Hogg, David W},
  journal={arXiv preprint arXiv:1804.07766},
  year={2018}
}

@article{plausibility,
  title={Is cosmology just a plausibility argument?},
  author={Hogg, David W},
  journal={arXiv preprint arXiv:0910.3374},
  year={2009}
}

@book{jaynes,
  title={Probability Theory: The Logic of Science},
  author={E. T. Jaynes},
  year={2003},
  publisher={Cambridge University Press}
}

@article{onegalaxy,
  title={Cosmology with one galaxy?},
  author={Villaescusa-Navarro, Francisco and Ding, Jupiter and Genel, Shy and Tonnesen, Stephanie and La Torre, Valentina and Spergel, David N and Teyssier, Romain and Li, Yin and Heneka, Caroline and Lemos, Pablo and Daniel Anglés-Alcázar and Daisuke Nagai and Mark Vogelsberger},
  journal={The Astrophysical Journal},
  volume={929},
  number={2},
  pages={132},
  year={2022},
  publisher={IOP Publishing}
}